
@InProceedings{DeepSiam:SiamFC,
  author       = {Luca Bertinetto and Jack Valmadre and Jo√£o F. Henriques and Andrea Vedaldi and Philip H. S. Torr},
  title        = {{Fully-convolutional siamese networks for object tracking}},
  booktitle    = {European Conference on Computer Vision (ECCV)},
  year         = {2016},
};
